@book {Rudin_AnalysisBook,
	AUTHOR = {Rudin, Walter},
	TITLE = {Real and complex analysis},
	EDITION = {Third},
	PUBLISHER = {McGraw-Hill Book Co., New York},
	YEAR = {1987},
	PAGES = {xiv+416},
	ISBN = {0-07-054234-1},
	MRCLASS = {00A05 (26-01 30-01 46-01)},
	MRNUMBER = {924157},
}

@book {Bowen75,
    AUTHOR = {Bowen, Rufus},
     TITLE = {Equilibrium states and the ergodic theory of {A}nosov
              diffeomorphisms},
    SERIES = {Lecture Notes in Mathematics},
    VOLUME = {Vol. 470},
 PUBLISHER = {Springer-Verlag, Berlin-New York},
      YEAR = {1975},
     PAGES = {i+108},
   MRCLASS = {58F10 (28A65)},
  MRNUMBER = {442989},
MRREVIEWER = {L.\ A.\ Bunimovich},
}

@book {Ruelle2004,
    AUTHOR = {Ruelle, David},
     TITLE = {Thermodynamic formalism},
    SERIES = {Cambridge Mathematical Library},
   EDITION = {Second},
      NOTE = {The mathematical structures of equilibrium statistical
              mechanics},
 PUBLISHER = {Cambridge University Press, Cambridge},
      YEAR = {2004},
     PAGES = {xx+174},
      ISBN = {0-521-54649-4},
   MRCLASS = {82B05 (37A60 37D35 37N20 82-02)},
  MRNUMBER = {2129258},
       DOI = {10.1017/CBO9780511617546},
       URL = {https://doi.org/10.1017/CBO9780511617546},
}

@article {RapaportVarju_Duke24,
	AUTHOR = {Rapaport, Ariel and Varj\'u, P\'eter P.},
	TITLE = {Self-similar measures associated to a homogeneous system of
		three maps},
	JOURNAL = {Duke Math. J.},
	FJOURNAL = {Duke Mathematical Journal},
	VOLUME = {173},
	YEAR = {2024},
	NUMBER = {3},
	PAGES = {513--602},
	ISSN = {0012-7094,1547-7398},
	MRCLASS = {28A80 (42A85)},
	MRNUMBER = {4729827},
	MRREVIEWER = {J\"org\ Neunh\"auserer},
	DOI = {10.1215/00127094-2023-0019},
	URL = {https://doi.org/10.1215/00127094-2023-0019},
}

@article {Rapaport_ExactOverlapsAlgebraicContr,
	AUTHOR = {Rapaport, Ariel},
	TITLE = {Proof of the exact overlaps conjecture for systems with
		algebraic contractions},
	JOURNAL = {Ann. Sci. \'Ec. Norm. Sup\'er. (4)},
	FJOURNAL = {Annales Scientifiques de l'\'Ecole Normale Sup\'erieure.
		Quatri\`eme S\'erie},
	VOLUME = {55},
	YEAR = {2022},
	NUMBER = {5},
	PAGES = {1357--1377},
	ISSN = {0012-9593,1873-2151},
	MRCLASS = {28A80},
	MRNUMBER = {4517689},
	MRREVIEWER = {Manuel\ Mor\'an},
}

@article {Chen_SuperExpNoExactOVerlapExample,
    AUTHOR = {Chen, Changhao},
     TITLE = {Self-similar sets with super-exponential close cylinders},
   JOURNAL = {Ann. Fenn. Math.},
  FJOURNAL = {Annales Fennici Mathematici},
    VOLUME = {46},
      YEAR = {2021},
    NUMBER = {2},
     PAGES = {727--738},
      ISSN = {2737-0690,2737-114X},
   MRCLASS = {28A80 (11J70)},
  MRNUMBER = {4296487},
       DOI = {10.5186/aasfm.2021.4646},
       URL = {https://doi.org/10.5186/aasfm.2021.4646},
}



@unpublished{AlgomEtal_NonLinHyperbolicIFS,
      title={How linear can a non-linear hyperbolic IFS be?}, 
      author={Amir Algom and Snir Ben Ovadia and Federico Rodriguez Hertz and Mario Shannon},
      year={2024},
      url={https://arxiv.org/abs/2410.22145}, 
      NOTE = {Preprint, available at arXiv:2410.22145},
}

@misc{Hochman2017,
      title={On self-similar sets with overlaps and inverse theorems for entropy in $\mathbb{R}^d$}, 
      author={Michael Hochman},
      year={2017},
      eprint={1503.09043},
      archivePrefix={arXiv},
      primaryClass={math.CA},
      url={https://arxiv.org/abs/1503.09043}, 
}

@article{Patzschek97,
    AUTHOR = {Patzschke, Norbert},
     TITLE = {Self-conformal multifractal measures},
   JOURNAL = {Adv. in Appl. Math.},
  FJOURNAL = {Advances in Applied Mathematics},
    VOLUME = {19},
      YEAR = {1997},
    NUMBER = {4},
     PAGES = {486--513},
      ISSN = {0196-8858,1090-2074},
   MRCLASS = {28A78 (58F11)},
  MRNUMBER = {1479016},
MRREVIEWER = {Lars\ Olsen},
       DOI = {10.1006/aama.1997.0557},
       URL = {https://doi.org/10.1006/aama.1997.0557},
}

@article {CawleyMauldin92,
    AUTHOR = {Cawley, Robert and Mauldin, R. Daniel},
     TITLE = {Multifractal decompositions of {M}oran fractals},
   JOURNAL = {Adv. Math.},
  FJOURNAL = {Advances in Mathematics},
    VOLUME = {92},
      YEAR = {1992},
    NUMBER = {2},
     PAGES = {196--236},
      ISSN = {0001-8708,1090-2082},
   MRCLASS = {58F08 (28A80 58F12 58F13)},
  MRNUMBER = {1155465},
MRREVIEWER = {Colleen\ D.\ Cutler},
       DOI = {10.1016/0001-8708(92)90064-R},
       URL = {https://doi.org/10.1016/0001-8708(92)90064-R},
}

@article {SimonSolomyak02,
    AUTHOR = {Simon, K\'aroly and Solomyak, Boris},
     TITLE = {On the dimension of self-similar sets},
   JOURNAL = {Fractals},
  FJOURNAL = {Fractals. Complex Geometry, Patterns, and Scaling in Nature
              and Society},
    VOLUME = {10},
      YEAR = {2002},
    NUMBER = {1},
     PAGES = {59--65},
      ISSN = {0218-348X,1793-6543},
   MRCLASS = {28A80},
  MRNUMBER = {1894903},
MRREVIEWER = {Peter\ R.\ Massopust},
       DOI = {10.1142/S0218348X02000963},
       URL = {https://doi.org/10.1142/S0218348X02000963},
}

@article {JonkerVeerman02,
    AUTHOR = {Jonker, L. B. and Veerman, J. J. P.},
     TITLE = {Semicontinuity of dimension and measure for locally scaling
              fractals},
   JOURNAL = {Fund. Math.},
  FJOURNAL = {Fundamenta Mathematicae},
    VOLUME = {173},
      YEAR = {2002},
    NUMBER = {2},
     PAGES = {113--131},
      ISSN = {0016-2736,1730-6329},
   MRCLASS = {28A80 (28A78)},
  MRNUMBER = {1924810},
MRREVIEWER = {Manuel\ Mor\'an},
       DOI = {10.4064/fm173-2-2},
       URL = {https://doi.org/10.4064/fm173-2-2},
}

@article {AlgomEtal_PointwiseNormalityFDecaySelfSonf_AdvMath21,
    AUTHOR = {Algom, Amir and Rodriguez Hertz, Federico and Wang, Zhiren},
     TITLE = {Pointwise normality and {F}ourier decay for self-conformal
              measures},
   JOURNAL = {Adv. Math.},
  FJOURNAL = {Advances in Mathematics},
    VOLUME = {393},
      YEAR = {2021},
     PAGES = {Paper No. 108096, 72},
      ISSN = {0001-8708,1090-2082},
   MRCLASS = {42A61 (11K16 28A80 42A38)},
  MRNUMBER = {4340230},
MRREVIEWER = {Peter\ R.\ Massopust},
       DOI = {10.1016/j.aim.2021.108096},
       URL = {https://doi.org/10.1016/j.aim.2021.108096},
}

@article {Rapaport_AdvMath24,
	AUTHOR = {Rapaport, Ariel},
	TITLE = {On self-affine measures associated to strongly irreducible and
		proximal systems},
	JOURNAL = {Adv. Math.},
	FJOURNAL = {Advances in Mathematics},
	VOLUME = {449},
	YEAR = {2024},
	PAGES = {Paper No. 109734, 116},
	ISSN = {0001-8708,1090-2082},
	MRCLASS = {28A80 (37C45)},
	MRNUMBER = {4749342},
	MRREVIEWER = {Lars\ Olsen},
	DOI = {10.1016/j.aim.2024.109734},
	URL = {https://doi.org/10.1016/j.aim.2024.109734},
}

@article {HochmanRapaport_DimHPlanarSelfAffine,
	AUTHOR = {Hochman, Michael and Rapaport, Ariel},
	TITLE = {Hausdorff dimension of planar self-affine sets and measures
		with overlaps},
	JOURNAL = {J. Eur. Math. Soc. (JEMS)},
	FJOURNAL = {Journal of the European Mathematical Society (JEMS)},
	VOLUME = {24},
	YEAR = {2022},
	NUMBER = {7},
	PAGES = {2361--2441},
	ISSN = {1435-9855,1435-9863},
	MRCLASS = {28A80 (37C45)},
	MRNUMBER = {4413769},
	MRREVIEWER = {Jonathan\ MacDonald\ Fraser},
	DOI = {10.4171/jems/1127},
	URL = {https://doi.org/10.4171/jems/1127},
}

@article {BaranyHochmanRapaport_Invent19,
	AUTHOR = {B\'ar\'any, Bal\'azs and Hochman, Michael and Rapaport, Ariel},
	TITLE = {Hausdorff dimension of planar self-affine sets and measures},
	JOURNAL = {Invent. Math.},
	FJOURNAL = {Inventiones Mathematicae},
	VOLUME = {216},
	YEAR = {2019},
	NUMBER = {3},
	PAGES = {601--659},
	ISSN = {0020-9910,1432-1297},
	MRCLASS = {28A80 (37C45 37F35)},
	MRNUMBER = {3955707},
	MRREVIEWER = {Sascha\ Troscheit},
	DOI = {10.1007/s00222-018-00849-y},
	URL = {https://doi.org/10.1007/s00222-018-00849-y},
}

@article {Shmerkin_LqSelfSim_Annals,
    AUTHOR = {Shmerkin, Pablo},
     TITLE = {On {F}urstenberg's intersection conjecture, self-similar
              measures, and the {$L^q$} norms of convolutions},
   JOURNAL = {Ann. of Math. (2)},
  FJOURNAL = {Annals of Mathematics. Second Series},
    VOLUME = {189},
      YEAR = {2019},
    NUMBER = {2},
     PAGES = {319--391},
      ISSN = {0003-486X,1939-8980},
   MRCLASS = {37C45 (11K55 28A78 28A80 28D05)},
  MRNUMBER = {3919361},
MRREVIEWER = {J\"org\ Neunh\"auserer},
       DOI = {10.4007/annals.2019.189.2.1},
       URL = {https://doi.org/10.4007/annals.2019.189.2.1},
}

@unpublished {Rapaport_SelfConfESC25arXiv,
	AUTHOR = {Ariel Rapaport}, 
	TITLE = {Dimension of self-conformal measures associated to an exponentially separated analytic IFS on $\mathbb{R}$},
	YEAR = {2025},
	NOTE = {Preprint, available at arXiv:2412.16753},
}

@unpublished{FengFeng_DimHomoIFSAlgebraicTrans_arxiv,
      title={Dimension of homogeneous iterated function systems with algebraic translations}, 
      author={De-Jun Feng and Zhou Feng},
      year={2024},
      note={Preprint, available at arXiv:2405.03124},
      url={https://arxiv.org/abs/2405.03124}, 
}

@article {BakerBanaji_PolyFourierDecay,
	AUTHOR = {Baker, Simon and Banaji, Amlan},
	TITLE = {Polynomial {F}ourier decay for fractal measures and their
		pushforwards},
	JOURNAL = {Math. Ann.},
	FJOURNAL = {Mathematische Annalen},
	VOLUME = {392},
	YEAR = {2025},
	NUMBER = {1},
	PAGES = {209--261},
	ISSN = {0025-5831,1432-1807},
	MRCLASS = {42A38 (28A80 60F10)},
	MRNUMBER = {4887758},
	DOI = {10.1007/s00208-025-03091-z},
	URL = {https://doi.org/10.1007/s00208-025-03091-z},
}

@article {Baker_SuperExpCloseIFS2_ProcAMS,
	AUTHOR = {Baker, Simon},
	TITLE = {Iterated function systems with super-exponentially close
		cylinders {II}},
	JOURNAL = {Proc. Amer. Math. Soc.},
	FJOURNAL = {Proceedings of the American Mathematical Society},
	VOLUME = {150},
	YEAR = {2022},
	NUMBER = {1},
	PAGES = {245--256},
	ISSN = {0002-9939,1088-6826},
	MRCLASS = {28A80 (37C45)},
	MRNUMBER = {4335873},
	MRREVIEWER = {J\"org\ Neunh\"auserer},
	DOI = {10.1090/proc/15644},
	URL = {https://doi.org/10.1090/proc/15644},
}

@article {Baker_SuperExpCloseIFS_AdvMath,
	AUTHOR = {Baker, Simon},
	TITLE = {Iterated function systems with super-exponentially close
		cylinders},
	JOURNAL = {Adv. Math.},
	FJOURNAL = {Advances in Mathematics},
	VOLUME = {379},
	YEAR = {2021},
	PAGES = {Paper No. 107548, 13},
	ISSN = {0001-8708,1090-2082},
	MRCLASS = {28A80 (37C45)},
	MRNUMBER = {4202041},
	MRREVIEWER = {J\"org\ Neunh\"auserer},
	DOI = {10.1016/j.aim.2020.107548},
	URL = {https://doi.org/10.1016/j.aim.2020.107548},
}

@article {BaranyKaenmaki_SuperExpCLoseIFS,
	AUTHOR = {B\'ar\'any, Bal\'azs and K\"aenm\"aki, Antti},
	TITLE = {Super-exponential condensation without exact overlaps},
	JOURNAL = {Adv. Math.},
	FJOURNAL = {Advances in Mathematics},
	VOLUME = {379},
	YEAR = {2021},
	PAGES = {Paper No. 107549, 22},
	ISSN = {0001-8708,1090-2082},
	MRCLASS = {28A80 (28A78)},
	MRNUMBER = {4202042},
	MRREVIEWER = {Lars\ Olsen},
	DOI = {10.1016/j.aim.2020.107549},
	URL = {https://doi.org/10.1016/j.aim.2020.107549},
}

@article {AlgomEtal_LogFourierDecaySelfConf_JLMS,
	AUTHOR = {Algom, Amir and Hertz, Federico Rodriguez and Wang, Zhiren},
	TITLE = {Logarithmic {F}ourier decay for self conformal measures},
	JOURNAL = {J. Lond. Math. Soc. (2)},
	FJOURNAL = {Journal of the London Mathematical Society. Second Series},
	VOLUME = {106},
	YEAR = {2022},
	NUMBER = {2},
	PAGES = {1628--1661},
	ISSN = {0024-6107,1469-7750},
	MRCLASS = {42A38 (28A80)},
	MRNUMBER = {4477227},
	MRREVIEWER = {Meng\ Zhu},
	DOI = {10.1112/jlms.12608},
	URL = {https://doi.org/10.1112/jlms.12608},
}

@article {Hochman_SelfSimESC_Annals,
	AUTHOR = {Hochman, Michael},
	TITLE = {On self-similar sets with overlaps and inverse theorems for
		entropy},
	JOURNAL = {Ann. of Math. (2)},
	FJOURNAL = {Annals of Mathematics. Second Series},
	VOLUME = {180},
	YEAR = {2014},
	NUMBER = {2},
	PAGES = {773--822},
	ISSN = {0003-486X,1939-8980},
	MRCLASS = {28A80 (28D05 37C45)},
	MRNUMBER = {3224722},
	MRREVIEWER = {Vaughn\ Climenhaga},
	DOI = {10.4007/annals.2014.180.2.7},
	URL = {https://doi.org/10.4007/annals.2014.180.2.7},
}

@article {Hutchinson_Attractor_81,
	AUTHOR = {Hutchinson, John E.},
	TITLE = {Fractals and self-similarity},
	JOURNAL = {Indiana Univ. Math. J.},
	FJOURNAL = {Indiana University Mathematics Journal},
	VOLUME = {30},
	YEAR = {1981},
	NUMBER = {5},
	PAGES = {713--747},
	ISSN = {0022-2518,1943-5258},
	MRCLASS = {49F20 (00A69 28A12 58C27)},
	MRNUMBER = {625600},
	MRREVIEWER = {F.\ J.\ Almgren, Jr.},
	DOI = {10.1512/iumj.1981.30.30055},
	URL = {https://doi.org/10.1512/iumj.1981.30.30055},
}

@article {SimonSolomyakUrbanski1,
    AUTHOR = {Simon, K. and Solomyak, B. and Urba\'nski, M.},
     TITLE = {Invariant measures for parabolic {IFS} with overlaps and
              random continued fractions},
   JOURNAL = {Trans. Amer. Math. Soc.},
  FJOURNAL = {Transactions of the American Mathematical Society},
    VOLUME = {353},
      YEAR = {2001},
    NUMBER = {12},
     PAGES = {5145--5164},
      ISSN = {0002-9947,1088-6850},
   MRCLASS = {37C45 (11K50 28A78 37A99 37D20 37E05 60G30)},
  MRNUMBER = {1852098},
MRREVIEWER = {Feliks\ Przytycki},
       DOI = {10.1090/S0002-9947-01-02873-2},
       URL = {https://doi.org/10.1090/S0002-9947-01-02873-2},
}
 
@article {AngelevskaKaenmakiTroscheit2020,
    AUTHOR = {Angelevska, Jasmina and K\"aenm\"aki, Antti and Troscheit,
              Sascha},
     TITLE = {Self-conformal sets with positive {H}ausdorff measure},
   JOURNAL = {Bull. Lond. Math. Soc.},
  FJOURNAL = {Bulletin of the London Mathematical Society},
    VOLUME = {52},
      YEAR = {2020},
    NUMBER = {1},
     PAGES = {200--223},
      ISSN = {0024-6093,1469-2120},
   MRCLASS = {28A78 (28A80)},
  MRNUMBER = {4072045},
MRREVIEWER = {Jonathan\ MacDonald\ Fraser},
       DOI = {10.1112/blms.12320},
       URL = {https://doi.org/10.1112/blms.12320},
}


@article {FHOR2015,
    AUTHOR = {Fraser, J. M. and Henderson, A. M. and Olson, E. J. and
              Robinson, J. C.},
     TITLE = {On the {A}ssouad dimension of self-similar sets with overlaps},
   JOURNAL = {Adv. Math.},
  FJOURNAL = {Advances in Mathematics},
    VOLUME = {273},
      YEAR = {2015},
     PAGES = {188--214},
      ISSN = {0001-8708,1090-2082},
   MRCLASS = {28A80 (28A78 37C45)},
  MRNUMBER = {3311761},
MRREVIEWER = {Manuel\ Fern\'andez-Mart\'inez},
       DOI = {10.1016/j.aim.2014.12.026},
       URL = {https://doi.org/10.1016/j.aim.2014.12.026},
}

@article {LauNgai1999,
    AUTHOR = {Lau, Ka-Sing and Ngai, Sze-Man},
     TITLE = {Multifractal measures and a weak separation condition},
   JOURNAL = {Adv. Math.},
  FJOURNAL = {Advances in Mathematics},
    VOLUME = {141},
      YEAR = {1999},
    NUMBER = {1},
     PAGES = {45--96},
      ISSN = {0001-8708,1090-2082},
   MRCLASS = {28A80 (37A99 37C99)},
  MRNUMBER = {1667146},
MRREVIEWER = {M.\ Z\"ahle},
       DOI = {10.1006/aima.1998.1773},
       URL = {https://doi.org/10.1006/aima.1998.1773},
}

@article {NgaiWang2001,
    AUTHOR = {Ngai, Sze-Man and Wang, Yang},
     TITLE = {Hausdorff dimension of self-similar sets with overlaps},
   JOURNAL = {J. London Math. Soc. (2)},
  FJOURNAL = {Journal of the London Mathematical Society. Second Series},
    VOLUME = {63},
      YEAR = {2001},
    NUMBER = {3},
     PAGES = {655--672},
      ISSN = {0024-6107,1469-7750},
   MRCLASS = {28A78 (28A80)},
  MRNUMBER = {1825981},
MRREVIEWER = {Manuel\ Mor\'an},
       DOI = {10.1017/S0024610701001946},
       URL = {https://doi.org/10.1017/S0024610701001946},
}

@article {Zerner1996,
    AUTHOR = {Zerner, Martin P. W.},
     TITLE = {Weak separation properties for self-similar sets},
   JOURNAL = {Proc. Amer. Math. Soc.},
  FJOURNAL = {Proceedings of the American Mathematical Society},
    VOLUME = {124},
      YEAR = {1996},
    NUMBER = {11},
     PAGES = {3529--3539},
      ISSN = {0002-9939,1088-6826},
   MRCLASS = {54H15 (28A80 54E40)},
  MRNUMBER = {1343732},
MRREVIEWER = {Ivan\ L.\ Reilly},
       DOI = {10.1090/S0002-9939-96-03527-7},
       URL = {https://doi.org/10.1090/S0002-9939-96-03527-7},
}

@incollection {Simon1996,
    AUTHOR = {Simon, K\'aroly},
     TITLE = {Overlapping cylinders: the size of a dynamically defined
              {C}antor-set},
 BOOKTITLE = {Ergodic theory of {${\bf Z}^d$} actions ({W}arwick,
              1993--1994)},
    SERIES = {London Math. Soc. Lecture Note Ser.},
    VOLUME = {228},
     PAGES = {259--272},
 PUBLISHER = {Cambridge Univ. Press, Cambridge},
      YEAR = {1996},
      ISBN = {0-521-57688-1},
   MRCLASS = {28A80 (28A78 28D05)},
  MRNUMBER = {1411222},
       DOI = {10.1017/CBO9780511662812.009},
       URL = {https://doi.org/10.1017/CBO9780511662812.009},
}

@article {SimonSolomyakUrbanski2,
    AUTHOR = {Simon, K. and Solomyak, B. and Urba\'nski, M.},
     TITLE = {Invariant measures for parabolic {IFS} with overlaps and
              random continued fractions},
   JOURNAL = {Trans. Amer. Math. Soc.},
  FJOURNAL = {Transactions of the American Mathematical Society},
    VOLUME = {353},
      YEAR = {2001},
    NUMBER = {12},
     PAGES = {5145--5164},
      ISSN = {0002-9947,1088-6850},
   MRCLASS = {37C45 (11K50 28A78 37A99 37D20 37E05 60G30)},
  MRNUMBER = {1852098},
MRREVIEWER = {Feliks\ Przytycki},
       DOI = {10.1090/S0002-9947-01-02873-2},
       URL = {https://doi.org/10.1090/S0002-9947-01-02873-2},
}


@book {BaranySimonSolomyak_Book23,
	AUTHOR = {B\'ar\'any, Bal\'azs and Simon, K\'aroly and Solomyak, Boris},
	TITLE = {Self-similar and self-affine sets and measures},
	SERIES = {Mathematical Surveys and Monographs},
	VOLUME = {276},
	PUBLISHER = {American Mathematical Society, Providence, RI},
	YEAR = {[2023] \copyright 2023},
	PAGES = {xii+451},
	ISBN = {[9781470470463]; [9781470475505]},
	MRCLASS = {28-02 (28A75 28A78 28A80 37D35 42A38)},
	MRNUMBER = {4661364},
	MRREVIEWER = {J\"org\ Neunh\"auserer},
	DOI = {10.1090/surv/276},
	URL = {https://doi.org/10.1090/surv/276},
}

@article {Varju_BernConv_Annals19,
	AUTHOR = {Varj\'u, P\'eter P.},
	TITLE = {On the dimension of {B}ernoulli convolutions for all
		transcendental parameters},
	JOURNAL = {Ann. of Math. (2)},
	FJOURNAL = {Annals of Mathematics. Second Series},
	VOLUME = {189},
	YEAR = {2019},
	NUMBER = {3},
	PAGES = {1001--1011},
	ISSN = {0003-486X,1939-8980},
	MRCLASS = {28A80 (42A85)},
	MRNUMBER = {3961088},
	MRREVIEWER = {Lars\ Olsen},
	DOI = {10.4007/annals.2019.189.3.9},
	URL = {https://doi.org/10.4007/annals.2019.189.3.9},
}

@article {HochmanSolomyak_Invent17,
	AUTHOR = {Hochman, Michael and Solomyak, Boris},
	TITLE = {On the dimension of {F}urstenberg measure for {$SL_2(\Bbb R)$}
		random matrix products},
	JOURNAL = {Invent. Math.},
	FJOURNAL = {Inventiones Mathematicae},
	VOLUME = {210},
	YEAR = {2017},
	NUMBER = {3},
	PAGES = {815--875},
	ISSN = {0020-9910,1432-1297},
	MRCLASS = {37C85 (37C45 37D25)},
	MRNUMBER = {3735630},
	MRREVIEWER = {Bal\'azs\ B\'ar\'any},
	DOI = {10.1007/s00222-017-0740-6},
	URL = {https://doi.org/10.1007/s00222-017-0740-6},
}

@article {SolomyakTakahashi_IMRN21,
	AUTHOR = {Solomyak, Boris and Takahashi, Yuki},
	TITLE = {Diophantine property of matrices and attractors of projective
		iterated function systems in {$\Bbb{R}\Bbb{P}^1$}},
	JOURNAL = {Int. Math. Res. Not. IMRN},
	FJOURNAL = {International Mathematics Research Notices. IMRN},
	YEAR = {2021},
	NUMBER = {16},
	PAGES = {12639--12669},
	ISSN = {1073-7928,1687-0247},
	MRCLASS = {11K60 (15B48 22E15 28A80 37D20)},
	MRNUMBER = {4300232},
	MRREVIEWER = {Thomas\ Ward},
	DOI = {10.1093/imrn/rnz309},
	URL = {https://doi.org/10.1093/imrn/rnz309},
}

